@ARTICLE{smethurst2015galaxy,
   author = {{Smethurst}, R.~J. and {Lintott}, C.~J. and {Simmons}, B.~D. and 
	{Schawinski}, K. and {Marshall}, P.~J. and {Bamford}, S. and 
	{Fortson}, L. and {Kaviraj}, S. and {Masters}, K.~L. and {Melvin}, T. and 
	{Nichol}, R.~C. and {Skibba}, R.~A. and {Willett}, K.~W.},
    title = "{Galaxy Zoo: evidence for diverse star formation histories through the green valley}",
  journal = {\mnras},
archivePrefix = "arXiv",
   eprint = {1501.05955},
 keywords = {galaxies: abundances, galaxies: evolution, galaxies: general, galaxies: photometry, galaxies: statistics},
     year = 2015,
    month = jun,
   volume = 450,
    pages = {435-453},
      doi = {10.1093/mnras/stv161},
   adsurl = {http://adsabs.harvard.edu/abs/2015MNRAS.450..435S},
  adsnote = {Provided by the SAO/NASA Astrophysics Data System}
}

@article{smethurst2017galaxy,
  title={Galaxy Zoo: The interplay of quenching mechanisms in the group environment},
  author={Smethurst, RJ and Lintott, CJ and Bamford, SP and Hart, RE and Kruk, SJ and Masters, KL and Nichol, RC and Simmons, BD},
  journal={Monthly Notices of the Royal Astronomical Society},
  volume={469},
  number={3},
  pages={3670--3687},
  year={2017},
  publisher={Oxford University Press}
}

@ARTICLE{muzzin2013public,
   author = {{Muzzin}, A. and {Marchesini}, D. and {Stefanon}, M. and {Franx}, M. and 
	{Milvang-Jensen}, B. and {Dunlop}, J.~S. and {Fynbo}, J.~P.~U. and 
	{Brammer}, G. and {Labb{\'e}}, I. and {van Dokkum}, P.},
    title = "{A Public K$_{s}$ -selected Catalog in the COSMOS/ULTRAVISTA Field: Photometry, Photometric Redshifts, and Stellar Population Parameters}",
  journal = {\apjs},
archivePrefix = "arXiv",
   eprint = {1303.4410},
 keywords = {galaxies: evolution, galaxies: fundamental parameters, galaxies: high-redshift, infrared: galaxies},
     year = 2013,
    month = may,
   volume = 206,
      eid = {8},
    pages = {8},
      doi = {10.1088/0067-0049/206/1/8},
   adsurl = {http://adsabs.harvard.edu/abs/2013ApJS..206....8M},
  adsnote = {Provided by the SAO/NASA Astrophysics Data System}
}


@ARTICLE{martin2005,
   author = {{Martin}, D.~C. and {Fanson}, J. and {Schiminovich}, D. and 
	{Morrissey}, P. and {Friedman}, P.~G. and {Barlow}, T.~A. and 
	{Conrow}, T. and {Grange}, R. and {Jelinsky}, P.~N. and {Milliard}, B. and 
	{Siegmund}, O.~H.~W. and {Bianchi}, L. and {Byun}, Y.-I. and 
	{Donas}, J. and {Forster}, K. and {Heckman}, T.~M. and {Lee}, Y.-W. and 
	{Madore}, B.~F. and {Malina}, R.~F. and {Neff}, S.~G. and {Rich}, R.~M. and 
	{Small}, T. and {Surber}, F. and {Szalay}, A.~S. and {Welsh}, B. and 
	{Wyder}, T.~K.},
    title = "{The Galaxy Evolution Explorer: A Space Ultraviolet Survey Mission}",
  journal = {\apjl},
   eprint = {astro-ph/0411302},
 keywords = {Galaxies: Evolution, Galaxies: General, Space Vehicles: Instruments, Surveys, Ultraviolet: Galaxies, Ultraviolet: General},
     year = 2005,
    month = jan,
   volume = 619,
    pages = {L1-L6},
      doi = {10.1086/426387},
   adsurl = {http://adsabs.harvard.edu/abs/2005ApJ...619L...1M},
  adsnote = {Provided by the SAO/NASA Astrophysics Data System}
}


@ARTICLE{capak2007,
   author = {{Capak}, P. and {Aussel}, H. and {Ajiki}, M. and {McCracken}, H.~J. and 
	{Mobasher}, B. and {Scoville}, N. and {Shopbell}, P. and {Taniguchi}, Y. and 
	{Thompson}, D. and {Tribiano}, S. and {Sasaki}, S. and {Blain}, A.~W. and 
	{Brusa}, M. and {Carilli}, C. and {Comastri}, A. and {Carollo}, C.~M. and 
	{Cassata}, P. and {Colbert}, J. and {Ellis}, R.~S. and {Elvis}, M. and 
	{Giavalisco}, M. and {Green}, W. and {Guzzo}, L. and {Hasinger}, G. and 
	{Ilbert}, O. and {Impey}, C. and {Jahnke}, K. and {Kartaltepe}, J. and 
	{Kneib}, J.-P. and {Koda}, J. and {Koekemoer}, A. and {Komiyama}, Y. and 
	{Leauthaud}, A. and {Le Fevre}, O. and {Lilly}, S. and {Liu}, C. and 
	{Massey}, R. and {Miyazaki}, S. and {Murayama}, T. and {Nagao}, T. and 
	{Peacock}, J.~A. and {Pickles}, A. and {Porciani}, C. and {Renzini}, A. and 
	{Rhodes}, J. and {Rich}, M. and {Salvato}, M. and {Sanders}, D.~B. and 
	{Scarlata}, C. and {Schiminovich}, D. and {Schinnerer}, E. and 
	{Scodeggio}, M. and {Sheth}, K. and {Shioya}, Y. and {Tasca}, L.~A.~M. and 
	{Taylor}, J.~E. and {Yan}, L. and {Zamorani}, G.},
    title = "{The First Release COSMOS Optical and Near-IR Data and Catalog}",
  journal = {\apjs},
archivePrefix = "arXiv",
   eprint = {0704.2430},
 keywords = {Cosmology: Observations, Galaxies: Evolution, Cosmology: Large-Scale Structure of Universe, Surveys},
     year = 2007,
    month = sep,
   volume = 172,
    pages = {99-116},
      doi = {10.1086/519081},
   adsurl = {http://adsabs.harvard.edu/abs/2007ApJS..172...99C},
  adsnote = {Provided by the SAO/NASA Astrophysics Data System}
}

@ARTICLE{mcCraken2012,
   author = {{McCracken}, H.~J. and {Milvang-Jensen}, B. and {Dunlop}, J. and 
	{Franx}, M. and {Fynbo}, J.~P.~U. and {Le F{\`e}vre}, O. and 
	{Holt}, J. and {Caputi}, K.~I. and {Goranova}, Y. and {Buitrago}, F. and 
	{Emerson}, J.~P. and {Freudling}, W. and {Hudelot}, P. and {L{\'o}pez-Sanjuan}, C. and 
	{Magnard}, F. and {Mellier}, Y. and {M{\o}ller}, P. and {Nilsson}, K.~K. and 
	{Sutherland}, W. and {Tasca}, L. and {Zabl}, J.},
    title = "{UltraVISTA: a new ultra-deep near-infrared survey in COSMOS}",
  journal = {\aap},
archivePrefix = "arXiv",
   eprint = {1204.6586},
 primaryClass = "astro-ph.CO",
 keywords = {surveys, galaxies: general, galaxies: high-redshift, cosmology: observations, large-scale structure of Universe},
     year = 2012,
    month = aug,
   volume = 544,
      eid = {A156},
    pages = {A156},
      doi = {10.1051/0004-6361/201219507},
   adsurl = {http://adsabs.harvard.edu/abs/2012A%26A...544A.156M},
  adsnote = {Provided by the SAO/NASA Astrophysics Data System}
}

@ARTICLE{sanders2007,
   author = {{Sanders}, D.~B. and {Salvato}, M. and {Aussel}, H. and {Ilbert}, O. and 
	{Scoville}, N. and {Surace}, J.~A. and {Frayer}, D.~T. and {Sheth}, K. and 
	{Helou}, G. and {Brooke}, T. and {Bhattacharya}, B. and {Yan}, L. and 
	{Kartaltepe}, J.~S. and {Barnes}, J.~E. and {Blain}, A.~W. and 
	{Calzetti}, D. and {Capak}, P. and {Carilli}, C. and {Carollo}, C.~M. and 
	{Comastri}, A. and {Daddi}, E. and {Ellis}, R.~S. and {Elvis}, M. and 
	{Fall}, S.~M. and {Franceschini}, A. and {Giavalisco}, M. and 
	{Hasinger}, G. and {Impey}, C. and {Koekemoer}, A. and {Le F{\`e}vre}, O. and 
	{Lilly}, S. and {Liu}, M.~C. and {McCracken}, H.~J. and {Mobasher}, B. and 
	{Renzini}, A. and {Rich}, M. and {Schinnerer}, E. and {Shopbell}, P.~L. and 
	{Taniguchi}, Y. and {Thompson}, D.~J. and {Urry}, C.~M. and 
	{Williams}, J.~P.},
    title = "{S-COSMOS: The Spitzer Legacy Survey of the Hubble Space Telescope ACS 2 deg$^{2}$ COSMOS Field I: Survey Strategy and First Analysis}",
  journal = {\apjs},
   eprint = {astro-ph/0701318},
 keywords = {Cosmology: Observations, Galaxies: Evolution, Galaxies: Formation, Infrared: Galaxies, Cosmology: Large-Scale Structure of Universe, Surveys},
     year = 2007,
    month = sep,
   volume = 172,
    pages = {86-98},
      doi = {10.1086/517885},
   adsurl = {http://adsabs.harvard.edu/abs/2007ApJS..172...86S},
  adsnote = {Provided by the SAO/NASA Astrophysics Data System}
}

@ARTICLE{lilly2009,
   author = {{Lilly}, S.~J. and {Le Brun}, V. and {Maier}, C. and {Mainieri}, V. and 
	{Mignoli}, M. and {Scodeggio}, M. and {Zamorani}, G. and {Carollo}, M. and 
	{Contini}, T. and {Kneib}, J.-P. and {Le F{\`e}vre}, O. and 
	{Renzini}, A. and {Bardelli}, S. and {Bolzonella}, M. and {Bongiorno}, A. and 
	{Caputi}, K. and {Coppa}, G. and {Cucciati}, O. and {de la Torre}, S. and 
	{de Ravel}, L. and {Franzetti}, P. and {Garilli}, B. and {Iovino}, A. and 
	{Kampczyk}, P. and {Kovac}, K. and {Knobel}, C. and {Lamareille}, F. and 
	{Le Borgne}, J.-F. and {Pello}, R. and {Peng}, Y. and {P{\'e}rez-Montero}, E. and 
	{Ricciardelli}, E. and {Silverman}, J.~D. and {Tanaka}, M. and 
	{Tasca}, L. and {Tresse}, L. and {Vergani}, D. and {Zucca}, E. and 
	{Ilbert}, O. and {Salvato}, M. and {Oesch}, P. and {Abbas}, U. and 
	{Bottini}, D. and {Capak}, P. and {Cappi}, A. and {Cassata}, P. and 
	{Cimatti}, A. and {Elvis}, M. and {Fumana}, M. and {Guzzo}, L. and 
	{Hasinger}, G. and {Koekemoer}, A. and {Leauthaud}, A. and {Maccagni}, D. and 
	{Marinoni}, C. and {McCracken}, H. and {Memeo}, P. and {Meneux}, B. and 
	{Porciani}, C. and {Pozzetti}, L. and {Sanders}, D. and {Scaramella}, R. and 
	{Scarlata}, C. and {Scoville}, N. and {Shopbell}, P. and {Taniguchi}, Y.
	},
    title = "{The zCOSMOS 10k-Bright Spectroscopic Sample}",
  journal = {\apjs},
 keywords = {cosmology: observations, galaxies: active, galaxies: distances and redshifts, galaxies: evolution, large-scale structure of universe, quasars: general, surveys},
     year = 2009,
    month = oct,
   volume = 184,
    pages = {218-229},
      doi = {10.1088/0067-0049/184/2/218},
   adsurl = {http://adsabs.harvard.edu/abs/2009ApJS..184..218L},
  adsnote = {Provided by the SAO/NASA Astrophysics Data System}
}
